
@misc{SuiteSparse,
	title = {{DrTimothyAldenDavis}/{SuiteSparse}},
	url = {https://github.com/DrTimothyAldenDavis/SuiteSparse},
	abstract = {The official SuiteSparse library: a suite of sparse matrix algorithms authored or co-authored by Tim Davis, Texas A\&M University.},
	urldate = {2025-04-09},
	author = {Davis, Tim},
	month = apr,
	year = {2025},
	note = {original-date: 2019-10-19T17:43:53Z},
	keywords = {c, cpp, graph-algorithms, matlab, mathematics, sparse-matrix, suitesparse, csparse, spqr, umfpack, klu, cholmod, graphblas, colamd},
}

@misc{netlib_blas,
	title = {{BLAS} ({Basic} {Linear} {Algebra} {Subprograms})},
	url = {https://netlib.org/blas/},
	urldate = {2025-05-08},
}

@misc{netlib_lapack,
	title = {{LAPACK} â€” {Linear} {Algebra} {PACKage}},
	url = {https://netlib.org/lapack/},
	urldate = {2025-05-08},
}
