
@misc{SuiteSparse,
	title = {{DrTimothyAldenDavis}/{SuiteSparse}},
	url = {https://github.com/DrTimothyAldenDavis/SuiteSparse},
	abstract = {The official SuiteSparse library: a suite of sparse matrix algorithms authored or co-authored by Tim Davis, Texas A\&M University.},
	urldate = {2025-04-09},
	author = {Davis, Tim},
	month = apr,
	year = {2025},
	note = {original-date: 2019-10-19T17:43:53Z},
	keywords = {c, cpp, graph-algorithms, matlab, mathematics, sparse-matrix, suitesparse, csparse, spqr, umfpack, klu, cholmod, graphblas, colamd},
}
